@article{fox1999markov,
  title={Markov localization for mobile robots in dynamic environments},
  author={Fox, Dieter and Burgard, Wolfram and Thrun, Sebastian},
  journal={Journal of artificial intelligence research},
  volume={11},
  pages={391--427},
  year={1999}
}

@article{fox1999monte,
  title={Monte carlo localization: Efficient position estimation for mobile robots},
  author={Fox, Dieter and Burgard, Wolfram and Dellaert, Frank and Thrun, Sebastian},
  journal={AAAI/IAAI},
  volume={1999},
  number={343-349},
  pages={2--2},
  year={1999}
}

@incollection{ronghua2005coevolution,
  title={Coevolution based adaptive Monte Carlo localization},
  author={Ronghua, Luo and Bingrong, Hong and Maohai, Li},
  booktitle={Cutting Edge Robotics},
  year={2005},
  publisher={InTech}
}

@inproceedings{dellaert1999monte,
  title={Monte carlo localization for mobile robots},
  author={Dellaert, Frank and Fox, Dieter and Burgard, Wolfram and Thrun, Sebastian},
  booktitle={ICRA},
  volume={2},
  pages={1322--1328},
  year={1999}
}

@article{chen2015fusion,
  title={Fusion of WiFi, smartphone sensors and landmarks using the Kalman filter for indoor localization},
  author={Chen, Zhenghua and Zou, Han and Jiang, Hao and Zhu, Qingchang and Soh, Yeng and Xie, Lihua},
  journal={Sensors},
  volume={15},
  number={1},
  pages={715--732},
  year={2015},
  publisher={Multidisciplinary Digital Publishing Institute}
}

@inproceedings{vu2008grid,
  title={Grid-based localization and online mapping with moving objects detection and tracking: new results},
  author={Vu, Trung-Dung and Burlet, Julien and Aycard, Olivier},
  booktitle={2008 IEEE Intelligent Vehicles Symposium},
  pages={684--689},
  year={2008},
  organization={IEEE}
}